%%
%% EIT Mag
%%

@inproceedings{alexandropoulos2020hardware,
  title={A hardware architecture for reconfigurable intelligent surfaces with minimal active elements for explicit channel estimation},
  author={Alexandropoulos, George C and Vlachos, Evangelos},
  booktitle={Proc. IEEE Int. Conf. on Acoust., Speech and Signal Process. (ICASSP)},
  pages={9175--9179},
  year={2020},
  month={May}
}

@article{goldsmith2003capacity,
  title={Capacity limits of MIMO channels},
  author={Goldsmith, Andrea and Jafar, Syed Ali and Jindal, Nihar and Vishwanath, Sriram},
  journal={IEEE J. Sel. Areas Commun.},
  volume={21},
  number={5},
  pages={684--702},
  year={2003},
  publisher={IEEE}
}

@article{poon2005degrees,
  title={Degrees of freedom in multiple-antenna channels: A signal space approach},
  author={Poon, Ada SY and Brodersen, Robert W and Tse, David NC},
  journal={IEEE Trans. Inf. Theory},
  volume={51},
  number={2},
  pages={523--536},
  year={2005},
  publisher={IEEE}
}

@article{shannon1948mathematical,
  title={A mathematical theory of communication},
  author={Shannon, Claude Elwood},
  journal={The Bell System Technical Journal},
  volume={27},
  number={3},
  pages={379--423},
  year={1948},
  month = {Jul.},
  publisher={Nokia Bell Labs}
}

@article{wan2022mutual,
  title={Mutual information for electromagnetic information theory based on random fields},
  author={Wan, Zhongzhichao and Zhu, Jieao and Zhang, Zijian and Dai, Linglong and Chae, Chan-Byoung},
  journal={{\rm arXiv preprint arXiv:2111.00496}},
  year={2022},
  month={Sep.},
}

@ARTICLE{marzetta2022fourier,
  author={Pizzo, Andrea and Sanguinetti, Luca and Marzetta, Thomas L.},
  journal={{IEEE} Trans. Wireless Commun.}, 
  title={Fourier Plane-Wave Series Expansion for Holographic {MIMO} Communications}, 
  year={2022},
  month = {Mar.},
  volume={},
  number={},
  pages={1-1},}
  
@article{zhangzijian,
  title={Continuous-Aperture {MIMO} for Electromagnetic Information Theory},
  author={Zhang, Z and Dai, L},
  journal={{\rm arXiv preprint arXiv:2111.08630}},
  year={2021},
  month ={Nov.}
}

@INPROCEEDINGS{9839220,
  author={Zhang, Zijian and Dai, Linglong},
  booktitle={Proc. ICC 2022 - IEEE International Conference on Communications}, 
  title={Pattern-Division Multiplexing for Continuous-Aperture MIMO}, 
  year={2022},
  month = {May},
  volume={},
  number={},
  pages={3287-3292},
}

@article{bucci1987spatial,
  title={On the spatial bandwidth of scattered fields},
  author={Bucci, OVIDIOM and Franceschetti, Giorgio},
  journal={{IEEE} Trans. Antennas Propagat.},
  volume={35},
  number={12},
  pages={1445--1455},
  year={1987},
  publisher={IEEE}
}

@book{stratton2007electromagnetic,
  title={Electromagnetic theory},
  author={Stratton, Julius Adams},
  volume={33},
  year={2007},
  publisher={John Wiley \& Sons}
}

@article{pizzo2022nyquist,
  title={Nyquist sampling and degrees of freedom of electromagnetic fields},
  author={Pizzo, Andrea and de Jesus Torres, Andrea and Sanguinetti, Luca and Marzetta, Thomas L},
  journal={IEEE Trans. Signal Process.},
  year={2022},
  publisher={IEEE}
}

@article{slepian1976bandwidth,
  title={On bandwidth},
  author={Slepian, David},
  journal={Proc. {IEEE}},
  volume={64},
  number={3},
  pages={292--300},
  year={1976},
  publisher={IEEE}
}


